<?xml version="1.0" encoding="UTF-8"?><record xmlns="http://www.loc.gov/MARC21/slim" xmlns:cinclude="http://apache.org/cocoon/include/1.0" xmlns:zs="http://www.loc.gov/zing/srw/">
  <leader>00601cz  a2200193n  4500</leader>
  <controlfield tag="001">n  91007771 </controlfield>
  <controlfield tag="003">DLC</controlfield>
  <controlfield tag="005">20100517080136.0</controlfield>
  <controlfield tag="008">910125n| acannaabn          |a ana      </controlfield>
  <datafield tag="010" ind1=" " ind2=" ">
    <subfield code="a">n  91007771 </subfield>
  </datafield>
  <datafield tag="034" ind1=" " ind2=" ">
    <subfield code="d">E0114800</subfield>
    <subfield code="e">E0114800</subfield>
    <subfield code="f">N0445500</subfield>
    <subfield code="g">N0445500</subfield>
    <subfield code="2">other</subfield>
  </datafield>
  <datafield tag="035" ind1=" " ind2=" ">
    <subfield code="a">(OCoLC)oca02883745</subfield>
  </datafield>
  <datafield tag="040" ind1=" " ind2=" ">
    <subfield code="a">DLC</subfield>
    <subfield code="b">eng</subfield>
    <subfield code="c">DLC</subfield>
    <subfield code="d">DLC</subfield>
    <subfield code="d">OCoLC</subfield>
  </datafield>
  <datafield tag="043" ind1=" " ind2=" ">
    <subfield code="a">e-it---</subfield>
  </datafield>
  <datafield tag="151" ind1=" " ind2=" ">
    <subfield code="a">Lappago (Italy)</subfield>
  </datafield>
  <datafield tag="451" ind1=" " ind2=" ">
    <subfield code="a">Lappach (Italy)</subfield>
  </datafield>
  <datafield tag="670" ind1=" " ind2=" ">
    <subfield code="a">Walter, H. Wia's kimmp, so weard's, 1988:</subfield>
    <subfield code="b">t.p. (Dorfes Lappach/SuĚdtirol)</subfield>
  </datafield>
  <datafield tag="670" ind1=" " ind2=" ">
    <subfield code="a">Italian BGN</subfield>
    <subfield code="b">(Lappach see Lappago, popl. 44 55N 11 48 E)</subfield>
  </datafield>
  <datafield tag="781" ind1=" " ind2="0">
    <subfield code="z">Italy</subfield>
    <subfield code="z">Lappago</subfield>
  </datafield>
</record>